<?xml version="1.0" encoding="UTF-8"?><collection xmlns="http://www.loc.gov/MARC21/slim"><record><leader>00568nam--2200181-u-4500</leader><controlfield tag="001">000054438</controlfield><controlfield tag="002">20161230</controlfield><controlfield tag="005">20161230201051</controlfield><controlfield tag="008">111209s1000------------r-----000-0-fre-d</controlfield><datafield ind1=" " ind2=" " tag="040"><subfield code="a">IFIN-HH</subfield></datafield><datafield ind1=" " ind2=" " tag="041"><subfield code="a">fre</subfield></datafield><datafield ind1=" " ind2=" " tag="080"><subfield code="a">539.12.172:681.785.5(043)</subfield></datafield><datafield ind1="1" ind2=" " tag="100"><subfield code="a">Gabioud, Bernard</subfield></datafield><datafield ind1="1" ind2="0" tag="245"><subfield code="a">Mesure de la longueur de diffusion et de la portee effective neutron-neutron par spectrometrie des photons de la reaction (...)</subfield><subfield code="b">These</subfield><subfield code="c">Bernard gabioud</subfield></datafield><datafield ind1=" " ind2=" " tag="260"><subfield code="a">Lausanne</subfield><subfield code="b">Universite</subfield><subfield code="c">1980</subfield></datafield><datafield ind1=" " ind2=" " tag="300"><subfield code="a">186P</subfield></datafield><datafield ind1=" " ind2=" " tag="852"><subfield code="a">70587</subfield><subfield code="c">539.12</subfield></datafield><datafield ind1=" " ind2=" " tag="CAT"><subfield code="a">Sys</subfield><subfield code="c">20111209</subfield><subfield code="h">100416</subfield></datafield></record></collection>